<?xml version="1.0" encoding="UTF-8"?><collection xmlns="http://www.loc.gov/MARC21/slim"><record><leader>00490nam--2200133-i-4500</leader><controlfield tag="001">000027214</controlfield><controlfield tag="002">20161230</controlfield><controlfield tag="005">20161230201036</controlfield><controlfield tag="008">060222s1000------------r-----000-0-eng-d</controlfield><datafield ind1=" " ind2=" " tag="080"><subfield code="a">543.42:621.375.826(043)</subfield></datafield><datafield ind1=" " ind2=" " tag="100"><subfield code="a">Keller, Jean-claude</subfield></datafield><datafield ind1=" " ind2=" " tag="245"><subfield code="a">Spectroscopie laser sans effect doppler: mesure de structures atomiques. contribution a l`etude de l`interaction atome-rayonnement dans les systemes a 3 hiveaux. these</subfield></datafield><datafield ind1=" " ind2=" " tag="260"><subfield code="a">Orsay, Universite De Paris-sud, 1978. 165p</subfield></datafield><datafield ind1=" " ind2=" " tag="852"><subfield code="a">48352</subfield></datafield></record></collection>